
@inproceedings{XiangqianFu2010,
  doi = {10.1109/caidcd.2010.5681254},
  url = {https://doi.org/10.1109/caidcd.2010.5681254},
  year = {2010},
  publisher = {{IEEE}},
  author = {Xiangqian Fu},
  title = {Mobile phone {UI} design principles in the design of human-machine interaction design},
  booktitle = {2010 {IEEE} 11th International Conference on Computer-Aided Industrial Design {\&} Conceptual Design 1}
}
@inproceedings{Kuusinen2014,
  doi = {10.1109/seaa.2014.17},
  url = {https://doi.org/10.1109/seaa.2014.17},
  year = {2014},
  month = aug,
  publisher = {{IEEE}},
  author = {Kati Kuusinen and Tommi Mikkonen},
  title = {On Designing {UX} for Mobile Enterprise Apps},
  booktitle = {2014 40th {EUROMICRO} Conference on Software Engineering and Advanced Applications},
}

@inproceedings{beregovyi2019difference,
  title={The difference between UI and UX design},
  author={Beregovyi, Oleksandr},
  booktitle={Інноваційні тенденції підготовки фахівців в умовах полікультурного та мультилінгвального глобалізованого світу},
  year={2019},
  organization={Київський національний університет технологій та дизайну}
}

@misc{Examples, 
title={9 Bad UX practices in good Products},
howpublished={\url{https://uxplanet.org/9-bad-uxes-in-good-products-73be5418a4c1}},
}
@misc{WaterfallUX, 
title={Waterfall Methodology UX},
howpublished={\url{https://www.conundrummedia.com/waterfall-methodology-ux/}},
}

@misc{AudienceReport, 
title={The Nielsen Total Audience Report},
howpublished={\url{https://www.nielsen.com/us/en/insights/report/2019/q3-2018-total-audience-report/}},
}
@misc{WhatIsDesign, 
title={What UX/UI design really is?},
howpublished={\url{https://habr.com/ru/post/321312/}},
}
@misc{UItrends, 
title={The State of UX for 2021},
howpublished={\url{https://uxmag.com/articles/the-state-of-ux-for-2021}},
}
@misc{FutureDesign, 
title={The future of UX design},
howpublished={\url{https://ieeexplore.ieee.org/search/searchresult.jsp?queryText=mobile\%20UI\&highlight=true\&returnFacets=ALL\&returnType=SEARCH\&matchPubs=true\&refinements=ControlledTerms:user\%20interfaces\&refinements=ControlledTerms:Android\%20(operating\%20system)\&refinements=ControlledTerms:graphical\%20user\%20interfaces\&refinements=ControlledTerms:operating\%20systems\%20(computers)\&refinements=ControlledTerms:XML}},
}

@misc{DesignerTomorrow, 
title={Qualities of the UX designer of tomorrow},
howpublished={\url{https://nancypong.medium.com/\%D0\%BA\%D0\%B0\%D1\%87\%D0\%B5\%D1\%81\%D1\%82\%D0\%B2\%D0\%B0-ux-\%D0\%B4\%D0\%B8\%D0\%B7\%D0\%B0\%D0\%B9\%D0\%BD\%D0\%B5\%D1\%80\%D0\%B0-\%D0\%B7\%D0\%B0\%D0\%B2\%D1\%82\%D1\%80\%D0\%B0\%D1\%88\%D0\%BD\%D0\%B5\%D0\%B3\%D0\%BE-\%D0\%B4\%D0\%BD\%D1\%8F-e0f4514a0640}},
}

@misc{AllUX, 
title={The UX Design Process: Everything You Need to Know},
howpublished={\url{https://xd.adobe.com/ideas/guides/ux-design-process-steps/}},
}

@misc{UXstages, 
title={The UX design process in 6 stages},
howpublished={\url{https://www.invisionapp.com/inside-design/6-stages-ux-process/}},
}
